@Manual{R-base,
  title = {R: A Language and Environment for Statistical Computing},
  author = {{R Core Team}},
  organization = {R Foundation for Statistical Computing},
  address = {Vienna, Austria},
  year = {2019},
  url = {https://www.R-project.org/},
}
@Manual{R-dplyr,
  title = {dplyr: A Grammar of Data Manipulation},
  author = {Hadley Wickham and Romain François and Lionel Henry and Kirill Müller},
  year = {2019},
  note = {R package version 0.8.0.1},
  url = {https://CRAN.R-project.org/package=dplyr},
}
@Manual{R-knitr,
  title = {knitr: A General-Purpose Package for Dynamic Report Generation in R},
  author = {Yihui Xie},
  year = {2019},
  note = {R package version 1.23},
  url = {https://CRAN.R-project.org/package=knitr},
}
@Manual{R-purrr,
  title = {purrr: Functional Programming Tools},
  author = {Lionel Henry and Hadley Wickham},
  year = {2019},
  note = {R package version 0.3.2},
  url = {https://CRAN.R-project.org/package=purrr},
}
@Manual{R-rstudioapi,
  title = {rstudioapi: Safely Access the RStudio API},
  author = {Kevin Ushey and JJ Allaire and Hadley Wickham and Gary Ritchie},
  year = {2019},
  note = {R package version 0.10},
  url = {https://CRAN.R-project.org/package=rstudioapi},
}
@Manual{R-stringr,
  title = {stringr: Simple, Consistent Wrappers for Common String Operations},
  author = {Hadley Wickham},
  year = {2019},
  note = {R package version 1.4.0},
  url = {https://CRAN.R-project.org/package=stringr},
}
@Manual{R-tidyr,
  title = {tidyr: Easily Tidy Data with 'spread()' and 'gather()' Functions},
  author = {Hadley Wickham and Lionel Henry},
  year = {2019},
  note = {R package version 0.8.3},
  url = {https://CRAN.R-project.org/package=tidyr},
}
@Manual{R-Studio,
  title = {RStudio: Integrated Development Environment for R},
  author = {{RStudio Team}},
  organization = {RStudio, Inc.},
  address = {Boston, MA},
  year = {2019},
  url = {http://www.rstudio.com/},
  note = {Version 1.2.1541},
}
@Manual{R-shiny,
  title = {shiny: Web Application Framework for R},
  author = {Winston Chang and Joe Cheng and JJ Allaire and Yihui Xie and Jonathan McPherson},
  year = {2020},
  note = {R package version 1.4.0.2},
  url = {https://CRAN.R-project.org/package=shiny},
}
@Manual{R-shinyjs,
  title = {shinyjs: Easily Improve the User Experience of Your Shiny Apps in Seconds},
  author = {Dean Attali},
  year = {2020},
  note = {R package version 1.1},
  url = {https://CRAN.R-project.org/package=shinyjs},
}
@Manual{R-shinydashboard,
  title = {shinydashboard: Create Dashboards with 'Shiny'},
  author = {Winston Chang and Barbara {Borges Ribeiro}},
  year = {2018},
  note = {R package version 0.7.1},
  url = {https://CRAN.R-project.org/package=shinydashboard},
}
@Manual{R-shinyWidgets,
  title = {shinyWidgets: Custom Inputs Widgets for Shiny},
  author = {Victor Perrier and Fanny Meyer and David Granjon},
  year = {2020},
  note = {R package version 0.5.1},
  url = {https://CRAN.R-project.org/package=shinyWidgets},
}
@Manual{R-shiny.i18n,
  title = {shiny.i18n: Shiny Applications Internationalization},
  author = {Dominik Krzeminski},
  year = {2018},
  note = {R package version 0.1.0},
  url = {https://CRAN.R-project.org/package=shiny.i18n},
}
@Manual{R-pool,
  title = {pool: Object Pooling},
  author = {Joe Cheng and Barbara Borges},
  year = {2019},
  note = {R package version 0.1.4.3},
  url = {https://CRAN.R-project.org/package=pool},
}
@Manual{R-RSQLite,
  title = {RSQLite: 'SQLite' Interface for R},
  author = {Kirill Müller and Hadley Wickham and David A. James and Seth Falcon},
  year = {2020},
  note = {R package version 2.2.0},
  url = {https://CRAN.R-project.org/package=RSQLite},
}
@Manual{R-cowplot,
  title = {cowplot: Streamlined Plot Theme and Plot Annotations for 'ggplot2'},
  author = {Claus O. Wilke},
  year = {2019},
  note = {R package version 1.0.0},
  url = {https://CRAN.R-project.org/package=cowplot},
}
@Book{R-ggplot2,
  author = {Hadley Wickham},
  title = {ggplot2: Elegant Graphics for Data Analysis},
  publisher = {Springer-Verlag New York},
  year = {2016},
  isbn = {978-3-319-24277-4},
  url = {https://ggplot2.tidyverse.org},
}  
@Manual{R-tibble,
  title = {tibble: Simple Data Frames},
  author = {Kirill Müller and Hadley Wickham},
  year = {2019},
  note = {R package version 2.1.3},
  url = {https://CRAN.R-project.org/package=tibble},
}
@Manual{R-forcats,
  title = {forcats: Tools for Working with Categorical Variables (Factors)},
  author = {Hadley Wickham},
  year = {2020},
  note = {R package version 0.5.0},
  url = {https://CRAN.R-project.org/package=forcats},
}  
@Manual{R-DT,
  title = {DT: A Wrapper of the JavaScript Library 'DataTables'},
  author = {Yihui Xie and Joe Cheng and Xianying Tan},
  year = {2020},
  note = {R package version 0.13},
  url = {https://CRAN.R-project.org/package=DT},
}  
@Manual{R-magrittr,
  title = {magrittr: A Forward-Pipe Operator for R},
  author = {Stefan Milton Bache and Hadley Wickham},
  year = {2014},
  note = {R package version 1.5},
  url = {https://CRAN.R-project.org/package=magrittr},
}